<record><leader>00000cas a22000007a 4500</leader><controlfield tag="001">38891709</controlfield><controlfield tag="008">980403d19711978tnudn ne      0    0eng d</controlfield><datafield ind1=" " ind2=" " tag="010"><subfield code="a">sn 98069783 </subfield></datafield><datafield ind1=" " ind2=" " tag="040"><subfield code="a">TGN</subfield><subfield code="b">eng</subfield><subfield code="c">TGN</subfield><subfield code="d">OCLCQ</subfield><subfield code="d">OCLCF</subfield><subfield code="d">OCLCO</subfield></datafield><datafield ind1="1" ind2=" " tag="029"><subfield code="a">AU@</subfield><subfield code="b">000013904201</subfield></datafield><datafield ind1=" " ind2=" " tag="042"><subfield code="a">msc</subfield></datafield><datafield ind1=" " ind2=" " tag="043"><subfield code="a">n-us-tn</subfield></datafield><datafield ind1="0" ind2=" " tag="130"><subfield code="a">Today's news (Harriman, Tenn.)</subfield></datafield><datafield ind1="1" ind2="0" tag="245"><subfield code="a">Today's news.</subfield></datafield><datafield ind1=" " ind2=" " tag="260"><subfield code="a">Harriman, Tenn. :</subfield><subfield code="b">[Record Print. Co.],</subfield><subfield code="c">1971-1978.</subfield></datafield><datafield ind1=" " ind2=" " tag="300"><subfield code="a">v.</subfield></datafield><datafield ind1=" " ind2=" " tag="310"><subfield code="a">Daily (except Sat. &amp; Sun.)</subfield></datafield><datafield ind1="0" ind2=" " tag="362"><subfield code="a">106th year, no. 34 (Sept. 7, 1971)-v. 112, no. 237 (May 4, 1978).</subfield></datafield><datafield ind1=" " ind2=" " tag="580"><subfield code="a">Weekly edition: Harriman record (Harriman, Tenn.).</subfield></datafield><datafield ind1=" " ind2="0" tag="651"><subfield code="a">Harriman (Tenn.)</subfield><subfield code="v">Newspapers.</subfield></datafield><datafield ind1=" " ind2="0" tag="651"><subfield code="a">Roane County (Tenn.)</subfield><subfield code="v">Newspapers.</subfield></datafield><datafield ind1=" " ind2="7" tag="655"><subfield code="a">Newspapers.</subfield><subfield code="2">fast</subfield><subfield code="0">(OCoLC)fst01423814</subfield></datafield><datafield ind1=" " ind2="7" tag="651"><subfield code="a">Tennessee</subfield><subfield code="z">Harriman.</subfield><subfield code="2">fast</subfield><subfield code="0">(OCoLC)fst01228852</subfield></datafield><datafield ind1=" " ind2="7" tag="651"><subfield code="a">Tennessee</subfield><subfield code="z">Roane County.</subfield><subfield code="2">fast</subfield><subfield code="0">(OCoLC)fst01223283</subfield></datafield><datafield ind1=" " ind2=" " tag="752"><subfield code="a">United States</subfield><subfield code="b">Tennessee</subfield><subfield code="c">Roane</subfield><subfield code="d">Harriman.</subfield></datafield><datafield ind1="0" ind2=" " tag="775"><subfield code="t">Harriman record (Harriman, Tenn. : 1900)</subfield><subfield code="w">(DLC)sn 89058104</subfield></datafield><datafield ind1="0" ind2="5" tag="780"><subfield code="t">Harriman record (Harriman, Tenn. : 1900)</subfield><subfield code="g">1972</subfield><subfield code="w">(DLC)sn 89058104</subfield></datafield><datafield ind1="0" ind2="0" tag="785"><subfield code="t">Today's news-record</subfield><subfield code="w">(DLC)sn 98069785</subfield></datafield></record>